<record><leader>00000cas a22000007a 4500</leader><controlfield tag="001">17419983</controlfield><controlfield tag="008">880202d19391946ohudn ne      0    0eng d</controlfield><datafield ind1=" " ind2=" " tag="010"><subfield code="a">sn 88077087 </subfield></datafield><datafield ind1=" " ind2=" " tag="040"><subfield code="a">ONP</subfield><subfield code="b">eng</subfield><subfield code="c">ONP</subfield><subfield code="d">OCLCQ</subfield></datafield><datafield ind1=" " ind2=" " tag="042"><subfield code="a">msc</subfield></datafield><datafield ind1="0" ind2=" " tag="130"><subfield code="a">Stillwater Valley daily news (Covington, Ohio : 1939)</subfield></datafield><datafield ind1="1" ind2="4" tag="245"><subfield code="a">The Stillwater Valley daily news.</subfield></datafield><datafield ind1=" " ind2=" " tag="260"><subfield code="a">Covington, Ohio :</subfield><subfield code="b">Stillwater Valley News Co.,</subfield><subfield code="c">1939-1946.</subfield></datafield><datafield ind1=" " ind2=" " tag="310"><subfield code="a">Daily (except Sat. &amp; Sun.)</subfield></datafield><datafield ind1="0" ind2=" " tag="362"><subfield code="a">Vol. 15, no. 229 (Nov. 2, 1939)-22nd year, no. 236 (Nov. 8, 1946).</subfield></datafield><datafield ind1=" " ind2=" " tag="752"><subfield code="a">United States</subfield><subfield code="b">Ohio</subfield><subfield code="c">Miami</subfield><subfield code="d">Covington.</subfield></datafield><datafield ind1="0" ind2="0" tag="780"><subfield code="t">Stillwater Valley news (Covington, Ohio : 1932)</subfield><subfield code="w">(DLC)sn 88077086</subfield></datafield><datafield ind1="0" ind2="0" tag="785"><subfield code="t">Stillwater Valley news (Covington, Ohio : 1946)</subfield><subfield code="w">(DLC)sn 88077088</subfield></datafield></record>